% scibib.bib

@article{messick1995validity,
  title={Validity of psychological assessment: validation of inferences from persons' responses and performances as scientific inquiry into score meaning.},
  author={Messick, Samuel},
  journal={American psychologist},
  volume={50},
  number={9},
  pages={741},
  year={1995},
  publisher={American Psychological Association}
}









